@article{dummypaper,
	title = {Paper: This is the name of the paper },
	volume = {99},
	url = {https://some-link.com},
	abstract = {},
	number = {18},
	journal = {Some Journal},
	author = {Last Name, First Name and Other Last Name, First Name},
	month = sep,
	year = {2019},
	keywords = {some keyword, another keyword},
	pages = {2200--2300},
}

@article{dummypaper2,
	title = {Paper II: This is another paper },
	volume = {99},
	url = {https://some-other-link.com},
	abstract = {},
	number = {18},
	journal = {Some Journal},
	author = {Last Name, First Name and Again Last Name, First Name},
	month = sep,
	year = {2022},
	keywords = {some keyword, another keyword},
	pages = {2200--2300},
}

@misc{mahajan2025codegenerationconicconstraints,
      title={Code Generation and Conic Constraints for Model-Predictive Control on Microcontrollers with Conic-TinyMPC}, 
	author={Ishaan Mahajan and Khai Nguyen and Sam Schoedel and Elakhya Nedumaran and {\textbf{Moises Mata}} and Brian Plancher and Zachary Manchester},
      year={2025},
      eprint={2403.18149},
      archivePrefix={arXiv},
      primaryClass={cs.RO},
      url={https://arxiv.org/abs/2403.18149}, 
}